@misc{LSP,
    title = {Language Server Protocol Specification},
    howpublished = {\url{https://microsoft.github.io/language-server-protocol/}},
    note = {Accessed 22 June 2025}
}

@misc{ANTLR,
    title = {ANTLR},
    howpublished = {\url{https://www.antlr.org/}},
    note = {Accessed 22 June 2025}
}

@misc{Jison,
    title = {Jison},
    howpublished = {\url{https://zaach.github.io/jison/}},
    note = {Accessed 22 June 2025}
}

@misc{Nearley,
    title = {Nearley Parser},
    howpublished = {\url{https://nearley.js.org/}},
    note = {Accessed 22 June 2025}
}

@misc{PEGjs,
    title = {PEG.js},
    howpublished = {\url{https://pegjs.org/}},
    note = {Accessed 22 June 2025}
}

@misc{Chevrotain,
    title = {Chevrotain Parser},
    howpublished = {\url{https://chevrotain.io/docs/features/blazing_fast.html}},
    note = {Accessed 22 June 2025}
}

@misc{TextMate,
    title = {TextMate Language Grammars},
    howpublished = {\url{https://macromates.com/manual/en/language_grammars}},
    note = {Accessed 22 June 2025}
}

@misc{Treesitter,
    title = {Tree-sitter},
    howpublished = {\url{https://tree-sitter.github.io/tree-sitter/}},
    note = {Accessed 22 June 2025}
}
@misc{LangiumWeb,
    title={Langium official website},
    howpublished = {\url{https://langium.org/}},
    note={Accessed 24 June 2025}
}
@misc{LangiumGit,
  title        = {Langium: A Framework for Language Engineering},
  howpublished = {\url{https://github.com/eclipse-langium/langium}},
  year         = {2025},
  note         = {Accessed 24 June 2025},
}
@mastersthesis{sujew2022enabling,
  author       = {Mark Sujew},
  title        = {Enabling unbounded lookahead in {LL}(k) parsers using adaptive {LL}(*): Performance analysis of the impact of adaptive {LL}(*) in the Chevrotain parsing library},
  school       = {Nordakademie, Elmshorn, Germany},
  type         = {Master's thesis},
  year         = {2022},
  month        = apr,
  note         = {Submitted on 21 April 2022},
  url          = {https://sujew.dev/assets/masterthesis.pdf?utm_source=chatgpt.com}
}
