@article{Jiang_Li_Ravikumar_Regan_2009,
  title  = {Formal Grammars and Languages},
  doi    = {10.1201/9781584888239-c20},
  author = {Jiang, Tao and Li, Ming and Ravikumar, Bala and Regan, Kenneth W.},
  year   = {2009},
  month  = {Nov}
}
